@phdthesis{gessey-jones_2024, title={Probing the First Stars with the 21-cm Signal: Theory, Methods, and Forecasts}, url={https://www.repository.cam.ac.uk/handle/1810/371844}, DOI={10.17863/CAM.110892}, school={Apollo - University of Cambridge Repository}, author={Gessey-Jones, Thomas}, year={2024}, keywords={21-cm Cosmology, Bayesian Analysis, Cosmology, Machine Learning, Stars} }

@article{dhandha_2022,
    author = "Jiten Dhandha",
    title = "21-cm cosmology and its complementarity with JWST observations",
    year = "2023"
}

@article{Pritchard_2012,
   title={21 cm cosmology in the 21st century},
   volume={75},
   ISSN={1361-6633},
   url={http://dx.doi.org/10.1088/0034-4885/75/8/086901},
   DOI={10.1088/0034-4885/75/8/086901},
   number={8},
   journal={Reports on Progress in Physics},
   publisher={IOP Publishing},
   author={Pritchard, Jonathan R and Loeb, Abraham},
   year={2012},
   month=jul, pages={086901} }


@article{Fialkov_2014,
   title={The observable signature of late heating of the Universe during cosmic reionization},
   volume={506},
   ISSN={1476-4687},
   url={http://dx.doi.org/10.1038/nature12999},
   DOI={10.1038/nature12999},
   number={7487},
   journal={Nature},
   publisher={Springer Science and Business Media LLC},
   author={Fialkov, Anastasia and Barkana, Rennan and Visbal, Eli},
   year={2014},
   month=feb, pages={197â€“199} }
